<record><leader>00000cas a22000007a 4500</leader><controlfield tag="001">14217838</controlfield><controlfield tag="008">860915d19161919iaudn ne      0    0eng d</controlfield><datafield ind1=" " ind2=" " tag="010"><subfield code="a">sn 86060177 </subfield></datafield><datafield ind1=" " ind2=" " tag="040"><subfield code="a">INP</subfield><subfield code="b">eng</subfield><subfield code="c">INP</subfield><subfield code="d">OCLCQ</subfield></datafield><datafield ind1=" " ind2=" " tag="042"><subfield code="a">msc</subfield></datafield><datafield ind1="0" ind2=" " tag="130"><subfield code="a">Fairfield journal (Fairfield, Iowa : 1916)</subfield></datafield><datafield ind1="1" ind2="4" tag="245"><subfield code="a">The Fairfield journal.</subfield></datafield><datafield ind1="1" ind2="3" tag="246"><subfield code="a">Daily journal</subfield></datafield><datafield ind1="1" ind2="7" tag="246"><subfield code="a">Fairfield daily journal</subfield></datafield><datafield ind1=" " ind2=" " tag="260"><subfield code="a">Fairfield, Iowa :</subfield><subfield code="b">Journal Print. Co.,</subfield><subfield code="c">1916-1919.</subfield></datafield><datafield ind1=" " ind2=" " tag="300"><subfield code="a">3 v. :</subfield><subfield code="b">ill. ;</subfield><subfield code="c">55 cm.</subfield></datafield><datafield ind1=" " ind2=" " tag="310"><subfield code="a">Daily (except Sunday and certain holidays)</subfield></datafield><datafield ind1="0" ind2=" " tag="362"><subfield code="a">Vol. 36, no. 235 (Oct. 13, 1916)-v. 38, no. 54 (Mar. 5, 1919).</subfield></datafield><datafield ind1=" " ind2=" " tag="500"><subfield code="a">Editor: Dean Taylor.</subfield></datafield><datafield ind1=" " ind2=" " tag="515"><subfield code="a">Occasional issues misnumbered and misdated.</subfield></datafield><datafield ind1=" " ind2=" " tag="752"><subfield code="a">United States</subfield><subfield code="b">Iowa</subfield><subfield code="c">Jefferson</subfield><subfield code="d">Fairfield.</subfield></datafield><datafield ind1="0" ind2="0" tag="780"><subfield code="t">Fairfield daily journal (Fairfield, Iowa : 1883)</subfield><subfield code="w">(DLC)sn 86060184</subfield></datafield><datafield ind1="0" ind2="0" tag="785"><subfield code="t">Daily journal (Fairfield, Iowa)</subfield><subfield code="w">(DLC)sn 86060175</subfield></datafield><datafield ind1="1" ind2=" " tag="029"><subfield code="a">AU@</subfield><subfield code="b">000025809631</subfield></datafield></record>